<record><leader>00000cas a22000007a 4500</leader><controlfield tag="001">38300856</controlfield><controlfield tag="008">980202d19101943vtuwr ne      0    0eng c</controlfield><datafield ind1=" " ind2=" " tag="010"><subfield code="a">sn 98060011 </subfield></datafield><datafield ind1=" " ind2=" " tag="040"><subfield code="a">NVN</subfield><subfield code="b">eng</subfield><subfield code="c">NVN</subfield><subfield code="d">GUA</subfield><subfield code="d">NVN</subfield><subfield code="d">OCLCQ</subfield><subfield code="d">OCLCF</subfield><subfield code="d">OCLCO</subfield></datafield><datafield ind1="1" ind2=" " tag="029"><subfield code="a">AU@</subfield><subfield code="b">000013766482</subfield></datafield><datafield ind1=" " ind2=" " tag="042"><subfield code="a">pcc</subfield></datafield><datafield ind1=" " ind2=" " tag="043"><subfield code="a">n-us-vt</subfield></datafield><datafield ind1="0" ind2="0" tag="245"><subfield code="a">Groton times.</subfield></datafield><datafield ind1="1" ind2="3" tag="246"><subfield code="a">Times</subfield></datafield><datafield ind1="1" ind2="2" tag="246"><subfield code="a">Woodsville times</subfield></datafield><datafield ind1="1" ind2="3" tag="246"><subfield code="a">Woodsville-Groton times</subfield></datafield><datafield ind1=" " ind2=" " tag="260"><subfield code="a">Groton, Vt. :</subfield><subfield code="b">Times Pub. Co.,</subfield><subfield code="c">1910-1943.</subfield></datafield><datafield ind1=" " ind2=" " tag="300"><subfield code="a">v.</subfield></datafield><datafield ind1=" " ind2=" " tag="310"><subfield code="a">Weekly</subfield></datafield><datafield ind1="0" ind2=" " tag="362"><subfield code="a">Vol. 14, no. 1 (Jan. 14, 1910)-v. 48, no. 1 (Dec. 31, 1943).</subfield></datafield><datafield ind1=" " ind2=" " tag="500"><subfield code="a">Published in Woodsville, N.H., Sept. 2, 1921-Dec. 31, 1943.</subfield></datafield><datafield ind1=" " ind2="0" tag="651"><subfield code="a">Groton (Vt. : Town)</subfield><subfield code="v">Newspapers.</subfield></datafield><datafield ind1=" " ind2="0" tag="651"><subfield code="a">Caledonia County (Vt.)</subfield><subfield code="v">Newspapers.</subfield></datafield><datafield ind1=" " ind2="0" tag="651"><subfield code="a">Grafton County (N.H.)</subfield><subfield code="v">Newspapers.</subfield></datafield><datafield ind1=" " ind2="4" tag="651"><subfield code="a">Woodsville (N.H.)</subfield><subfield code="v">Newspapers.</subfield></datafield><datafield ind1=" " ind2="7" tag="655"><subfield code="a">Newspapers.</subfield><subfield code="2">fast</subfield><subfield code="0">(OCoLC)fst01423814</subfield></datafield><datafield ind1=" " ind2="7" tag="651"><subfield code="a">New Hampshire</subfield><subfield code="z">Grafton County.</subfield><subfield code="2">fast</subfield><subfield code="0">(OCoLC)fst01215299</subfield></datafield><datafield ind1=" " ind2="7" tag="651"><subfield code="a">Vermont</subfield><subfield code="z">Caledonia County.</subfield><subfield code="2">fast</subfield><subfield code="0">(OCoLC)fst01228924</subfield></datafield><datafield ind1=" " ind2="7" tag="651"><subfield code="a">Vermont</subfield><subfield code="z">Groton (Town)</subfield><subfield code="2">fast</subfield><subfield code="0">(OCoLC)fst01335023</subfield></datafield><datafield ind1=" " ind2=" " tag="752"><subfield code="a">United States</subfield><subfield code="b">Vermont</subfield><subfield code="c">Caledonia</subfield><subfield code="d">Groton.</subfield></datafield><datafield ind1=" " ind2=" " tag="752"><subfield code="a">United States</subfield><subfield code="b">New Hampshire</subfield><subfield code="c">Grafton</subfield><subfield code="d">Woodsville.</subfield></datafield><datafield ind1="0" ind2="0" tag="780"><subfield code="t">Times (Groton, Vt. : 1897)</subfield><subfield code="w">(DLC)sn 97067509</subfield><subfield code="w">(OCoLC)37316232</subfield></datafield><datafield ind1="0" ind2="0" tag="785"><subfield code="t">Woodsville-Groton times</subfield><subfield code="w">(DLC)sn 91063259</subfield><subfield code="w">(OCoLC)24451612</subfield></datafield></record>